%%% ====================================================================
%%%  BibTeX-file{
%%%     author          = "Gerry Murray",
%%%     version         = "1.2",
%%%     date            = "2 April 2012",
%%%     filename        = "acmsmall-sample-bibfile.bib",
%%%     address         = "ACM, NY",
%%%     email           = "murray at hq.acm.org",
%%%     codetable       = "ISO/ASCII",
%%%     keywords        = "ACM Reference Format, bibliography, citation, references",
%%%     supported       = "yes",
%%%     docstring       = "This BibTeX database file contains 'bibdata' entries
%%%                        that 'match' the examples provided in the Specifications Document
%%%                        AND, also, 'legacy'-type bibs. It should assist authors in
%%%                        choosing the 'correct' at-bibtype and necessary bib-fields
%%%                        so as to obtain the appropriate ACM Reference Format output.
%%%                        It also contains many 'Standard Abbreviations'. "
%%%  }
%%% ====================================================================

% Journals

% First the Full Name is given, then the abbreviation used in the AMS Math
% Reviews, with an indication if it could not be found there.
% Note the 2nd overwrites the 1st, so swap them if you want the full name.

 %{AMS}
 @String{AMSTrans = "American Mathematical Society Translations" }
 @String{AMSTrans = "Amer. Math. Soc. Transl." }
 @String{BullAMS = "Bulletin of the American Mathematical Society" }
 @String{BullAMS = "Bull. Amer. Math. Soc." }
 @String{ProcAMS = "Proceedings of the American Mathematical Society" }
 @String{ProcAMS = "Proc. Amer. Math. Soc." }
 @String{TransAMS = "Transactions of the American Mathematical Society" }
 @String{TransAMS = "Trans. Amer. Math. Soc." }

 %ACM
 @String{CACM = "Communications of the {ACM}" }
 @String{CACM = "Commun. {ACM}" }
 @String{CompServ = "Comput. Surveys" }
 @String{JACM = "J. ACM" }
 @String{ACMMathSoft = "{ACM} Transactions on Mathematical Software" }
 @String{ACMMathSoft = "{ACM} Trans. Math. Software" }
 @String{SIGNUM = "{ACM} {SIGNUM} Newsletter" }
 @String{SIGNUM = "{ACM} {SIGNUM} Newslett." }

 @String{AmerSocio = "American Journal of Sociology" }
 @String{AmerStatAssoc = "Journal of the American Statistical Association" }
 @String{AmerStatAssoc = "J. Amer. Statist. Assoc." }
 @String{ApplMathComp = "Applied Mathematics and Computation" }
 @String{ApplMathComp = "Appl. Math. Comput." }
 @String{AmerMathMonthly = "American Mathematical Monthly" }
 @String{AmerMathMonthly = "Amer. Math. Monthly" }
 @String{BIT = "{BIT}" }
 @String{BritStatPsych = "British Journal of Mathematical and Statistical
          Psychology" }
 @String{BritStatPsych = "Brit. J. Math. Statist. Psych." }
 @String{CanMathBull = "Canadian Mathematical Bulletin" }
 @String{CanMathBull = "Canad. Math. Bull." }
 @String{CompApplMath = "Journal of Computational and Applied Mathematics" }
 @String{CompApplMath = "J. Comput. Appl. Math." }
 @String{CompPhys = "Journal of Computational Physics" }
 @String{CompPhys = "J. Comput. Phys." }
 @String{CompStruct = "Computers and Structures" }
 @String{CompStruct = "Comput. \& Structures" }
 @String{CompJour = "The Computer Journal" }
 @String{CompJour = "Comput. J." }
 @String{CompSysSci = "Journal of Computer and System Sciences" }
 @String{CompSysSci = "J. Comput. System Sci." }
 @String{Computing = "Computing" }
 @String{ContempMath = "Contemporary Mathematics" }
 @String{ContempMath = "Contemp. Math." }
 @String{Crelle = "Crelle's Journal" }
 @String{GiornaleMath = "Giornale di Mathematiche" }
 @String{GiornaleMath = "Giorn. Mat." } % didn't find in AMS MR., ibid.

 %IEEE
 @String{Computer = "{IEEE} Computer" }
 @String{IEEETransComp = "{IEEE} Transactions on Computers" }
 @String{IEEETransComp = "{IEEE} Trans. Comput." }
 @String{IEEETransAC = "{IEEE} Transactions on Automatic Control" }
 @String{IEEETransAC = "{IEEE} Trans. Automat. Control" }
 @String{IEEESpec = "{IEEE} Spectrum" } % didn't find in AMS MR
 @String{ProcIEEE = "Proceedings of the {IEEE}" }
 @String{ProcIEEE = "Proc. {IEEE}" } % didn't find in AMS MR
 @String{IEEETransAeroElec = "{IEEE} Transactions on Aerospace and Electronic
     Systems" }
 @String{IEEETransAeroElec = "{IEEE} Trans. Aerospace Electron. Systems" }

 @String{IMANumerAna = "{IMA} Journal of Numerical Analysis" }
 @String{IMANumerAna = "{IMA} J. Numer. Anal." }
 @String{InfProcLet = "Information Processing Letters" }
 @String{InfProcLet = "Inform. Process. Lett." }
 @String{InstMathApp = "Journal of the Institute of Mathematics and
     its Applications" }
 @String{InstMathApp = "J. Inst. Math. Appl." }
 @String{IntControl = "International Journal of Control" }
 @String{IntControl = "Internat. J. Control" }
 @String{IntNumerEng = "International Journal for Numerical Methods in
     Engineering" }
 @String{IntNumerEng = "Internat. J. Numer. Methods Engrg." }
 @String{IntSuper = "International Journal of Supercomputing Applications" }
 @String{IntSuper = "Internat. J. Supercomputing Applic." } % didn't find
%% in AMS MR
 @String{Kibernetika = "Kibernetika" }
 @String{JResNatBurStand = "Journal of Research of the National Bureau
     of Standards" }
 @String{JResNatBurStand = "J. Res. Nat. Bur. Standards" }
 @String{LinAlgApp = "Linear Algebra and its Applications" }
 @String{LinAlgApp = "Linear Algebra Appl." }
 @String{MathAnaAppl = "Journal of Mathematical Analysis and Applications" }
 @String{MathAnaAppl = "J. Math. Anal. Appl." }
 @String{MathAnnalen = "Mathematische Annalen" }
 @String{MathAnnalen = "Math. Ann." }
 @String{MathPhys = "Journal of Mathematical Physics" }
 @String{MathPhys = "J. Math. Phys." }
 @String{MathComp = "Mathematics of Computation" }
 @String{MathComp = "Math. Comp." }
 @String{MathScand = "Mathematica Scandinavica" }
 @String{MathScand = "Math. Scand." }
 @String{TablesAidsComp = "Mathematical Tables and Other Aids to Computation" }
 @String{TablesAidsComp = "Math. Tables Aids Comput." }
 @String{NumerMath = "Numerische Mathematik" }
 @String{NumerMath = "Numer. Math." }
 @String{PacificMath = "Pacific Journal of Mathematics" }
 @String{PacificMath = "Pacific J. Math." }
 @String{ParDistComp = "Journal of Parallel and Distributed Computing" }
 @String{ParDistComp = "J. Parallel and Distrib. Comput." } % didn't find
%% in AMS MR
 @String{ParComputing = "Parallel Computing" }
 @String{ParComputing = "Parallel Comput." }
 @String{PhilMag = "Philosophical Magazine" }
 @String{PhilMag = "Philos. Mag." }
 @String{ProcNAS = "Proceedings of the National Academy of Sciences
                    of the USA" }
 @String{ProcNAS = "Proc. Nat. Acad. Sci. U. S. A." }
 @String{Psychometrika = "Psychometrika" }
 @String{QuartMath = "Quarterly Journal of Mathematics, Oxford, Series (2)" }
 @String{QuartMath = "Quart. J. Math. Oxford Ser. (2)" }
 @String{QuartApplMath = "Quarterly of Applied Mathematics" }
 @String{QuartApplMath = "Quart. Appl. Math." }
 @String{RevueInstStat = "Review of the International Statisical Institute" }
 @String{RevueInstStat = "Rev. Inst. Internat. Statist." }

 %SIAM
 @String{JSIAM = "Journal of the Society for Industrial and Applied
     Mathematics" }
 @String{JSIAM = "J. Soc. Indust. Appl. Math." }
 @String{JSIAMB = "Journal of the Society for Industrial and Applied
     Mathematics, Series B, Numerical Analysis" }
 @String{JSIAMB = "J. Soc. Indust. Appl. Math. Ser. B Numer. Anal." }
 @String{SIAMAlgMeth = "{SIAM} Journal on Algebraic and Discrete Methods" }
 @String{SIAMAlgMeth = "{SIAM} J. Algebraic Discrete Methods" }
 @String{SIAMAppMath = "{SIAM} Journal on Applied Mathematics" }
 @String{SIAMAppMath = "{SIAM} J. Appl. Math." }
 @String{SIAMComp = "{SIAM} Journal on Computing" }
 @String{SIAMComp = "{SIAM} J. Comput." }
 @String{SIAMMatrix = "{SIAM} Journal on Matrix Analysis and Applications" }
 @String{SIAMMatrix = "{SIAM} J. Matrix Anal. Appl." }
 @String{SIAMNumAnal = "{SIAM} Journal on Numerical Analysis" }
 @String{SIAMNumAnal = "{SIAM} J. Numer. Anal." }
 @String{SIAMReview = "{SIAM} Review" }
 @String{SIAMReview = "{SIAM} Rev." }
 @String{SIAMSciStat = "{SIAM} Journal on Scientific and Statistical
     Computing" }
 @String{SIAMSciStat = "{SIAM} J. Sci. Statist. Comput." }

 @String{SoftPracExp = "Software Practice and Experience" }
 @String{SoftPracExp = "Software Prac. Experience" } % didn't find in AMS MR
 @String{StatScience = "Statistical Science" }
 @String{StatScience = "Statist. Sci." }
 @String{Techno = "Technometrics" }
 @String{USSRCompMathPhys = "{USSR} Computational Mathematics and Mathematical
     Physics" }
 @String{USSRCompMathPhys = "{U. S. S. R.} Comput. Math. and Math. Phys." }
 @String{VLSICompSys = "Journal of {VLSI} and Computer Systems" }
 @String{VLSICompSys = "J. {VLSI} Comput. Syst." }
 @String{ZAngewMathMech = "Zeitschrift fur Angewandte Mathematik und
     Mechanik" }
 @String{ZAngewMathMech = "Z. Angew. Math. Mech." }
 @String{ZAngewMathPhys = "Zeitschrift fur Angewandte Mathematik und Physik" }
 @String{ZAngewMathPhys = "Z. Angew. Math. Phys." }

% Publishers % ================================================= |

 @String{Academic = "Academic Press" }
 @String{ACMPress = "{ACM} Press" }
 @String{AdamHilger = "Adam Hilger" }
 @String{AddisonWesley = "Addison-Wesley" }
 @String{AllynBacon = "Allyn and Bacon" }
 @String{AMS = "American Mathematical Society" }
 @String{Birkhauser = "Birkha{\"u}ser" }
 @String{CambridgePress = "Cambridge University Press" }
 @String{Chelsea = "Chelsea" }
 @String{ClaredonPress = "Claredon Press" }
 @String{DoverPub = "Dover Publications" }
 @String{Eyolles = "Eyolles" }
 @String{HoltRinehartWinston = "Holt, Rinehart and Winston" }
 @String{Interscience = "Interscience" }
 @String{JohnsHopkinsPress = "The Johns Hopkins University Press" }
 @String{JohnWileySons = "John Wiley and Sons" }
 @String{Macmillan = "Macmillan" }
 @String{MathWorks = "The Math Works Inc." }
 @String{McGrawHill = "McGraw-Hill" }
 @String{NatBurStd = "National Bureau of Standards" }
 @String{NorthHolland = "North-Holland" }
 @String{OxfordPress = "Oxford University Press" }  %address Oxford or London?
 @String{PergamonPress = "Pergamon Press" }
 @String{PlenumPress = "Plenum Press" }
 @String{PrenticeHall = "Prentice-Hall" }
 @String{SIAMPub = "{SIAM} Publications" }
 @String{Springer = "Springer-Verlag" }
 @String{TexasPress = "University of Texas Press" }
 @String{VanNostrand = "Van Nostrand" }
 @String{WHFreeman = "W. H. Freeman and Co." }

%Entries
%% This BibTeX bibliography file was created using BibDesk.
%% http://bibdesk.sourceforge.net/

%% Created for Aziz Mohaisen at 2017-10-04 16:06:51 -0400 


%% Saved with string encoding Unicode (UTF-8) 








@misc{staff_2017, title={21 top examples of JavaScript}, url={https://tinyurl.com/y8wqarpb}, journal={Creative Bloq}, publisher={Creative Bloq ART AND DESIGN INSPIRATION}, author={Staff, Creative Bloq}, year={2017}}

@misc{FM17,
  author =       "Francisco Memoria",
  year =         "2017",
  title =        "700 Million Stuck in 115,000 Unconfirmed Bitcoin Transactions",
  lastaccessed = "March 6, 2017",
  url =          "https://goo.gl/cvSTCD",
}

@misc{BW17,
  author =       "Bitcoin Wiki",
  year =         "2017",
  title =        "Raw Transactions",
  lastaccessed = "August 28, 2017",
  url =          "https://en.bitcoin.it/wiki/Raw_Transactions",
}
@misc{Alexa-18, title={The top 500 sites on the websites listed by their 1 month {Alexa} traffic rank.}, url={https://www.alexa.com/topsites}, journal={Alexa Top 500 Global Sites}, author={Alexa}, year = {2018}}

@misc{Similarweb-18, title={Top Websites Ranking}, url={https://www.similarweb.com/top-websites}, journal={Top Websites in the world - SimilarWeb Website Ranking}, author={SimilarWeb}, year={2018}}

@misc{Hern_18, title={Huge cryptojacking campaign earns just \$24 for hackers}, url={https://tinyurl.com/yc5xgvad}, journal={The Guardian}, publisher={Guardian News and Media}, author={Hern, Alex}, year={2018}, month={Feb}}

@misc{BCJS,
  author =       "BitcoinJS",
  year =         "2017",
  title =        "The clean, readable, proven library for Bitcoin JavaScript development",
  lastaccessed = "November 28, 2017",
  url =          "https://github.com/bitcoinjs/bitcoinjs-lib",
}

@misc{BC17,
  author =       "Bitcoin Community",
  year =         "2017",
  title =        "Someone is spamming the mempool with extremely low-fee transactions",
  lastaccessed = "March 4, 2018",
  url =          "https://www.reddit.com/r/Bitcoin/comments/6rgz6l/someone_is_spamming_the_mempool_with_extremely/",
}

@misc{BC18,
  author =       "Bitcoin Community",
  year =         "2009",
  title =        "Bitcoin Developer Guide",
  lastaccessed = "March 5, 2018",
  url =          "https://bitcoin.org/en/developer-guidepeer-discovery",
}

@misc{Wizche17,
  author = {Wizsche},
  title = {Malicious Javascript Dataset},
  year = {2017},
  publisher = {GitHub},
  journal = {GitHub repository},
  howpublished = {\url{https://github.com/geeksonsecurity/js-malicious-dataset.git}},
}

@misc{Petrak17,
  author = {Hynek Petrak },
  title = {Javascript Malware Collection},
  year = {2017},
  publisher = {GitHub},
  journal = {GitHub repository},
  howpublished = {\url{https://github.com/HynekPetrak/javascript-malware-collection.git}},
}



@article{McCabe76,
  title={A complexity measure},
  author={Thomas J. McCabe},
  journal={IEEE Transactions on software Engineering},
  number={4},
  pages={308--320},
  year={1976},
  publisher={IEEE}
}


@book{WatsonMW96,
  title={Structured testing: A testing methodology using the cyclomatic complexity metric},
  author={Arthur Watson and Thomas J. McCabe and Dolores R Wallace},
  volume={500},
  number={235},
  year={1996},
  publisher={US Department of Commerce, National Institute of Standards and Technology}
}


@article{FentonN99,
  title={A critique of software defect prediction models},
  author={Norman E. Fenton and Martin Neil},
  journal={IEEE Transactions on software engineering},
  volume={25},
  number={5},
  pages={675--689},
  year={1999},
  publisher={IEEE}
}


@misc{Serebrenik11,
  author = {Alexander Serebrenik},
  title = {Software metrics},
  year = {2011},
  journal = {2IS55 Software Evolution},
  howpublished = {\url{http://www.win.tue.nl/~aserebre/2IS55/2010-2011/10.pdf}},
}

@misc{kerbs, title={Who and What Is Coinhive?}, url={https://krebsonsecurity.com/2018/03/who-and-what-is-coinhive/}, journal={Who and What Is Coinhive?}, author={Kerbs, Brian}, year = {2018}}

@misc{Loechner17, title={Pixalate unveils the list of sites secretly mining cryptocurrency},
author={Tyler Loechner},
url={https://tinyurl.com/y9sbgx92}, journal={Pixalate Blog},
 year = {2017},
}

@misc{Netlab360,
title={List of Top {Alexa} Websites With Web-Mining Code Embedded on Their Homepage},
url={https://tinyurl.com/ybo6u4pf},
author={Xu Yang},
 year = {2017},}


@misc{nakamoto2008bitcoin,
  title={Bitcoin: A peer-to-peer electronic cash system},
  author={Nakamoto, Satoshi},
  year={2008}
}

@misc{atozforex, title={Top 10 cryptocurrency 2017 | Best Cryptocurrency to invest}, url={https://atozforex.com/news/top-10-cryptocurrency-2017/},
author={Amandeep Sonewane
},journal={AtoZForex},year={2017}}


@article{hileman2017global,
  title={Global cryptocurrency benchmarking study},
  author={Hileman, Garrick and Rauchs, Michel},
  journal={Cambridge Centre for Alternative Finance},
  year={2017}
}

@article{bezdekEF84,
  title={FCM: The fuzzy c-means clustering algorithm},
  author={Bezdek, James C and 
  Ehrlich, Robert and 
  Full, William},
  journal={Computers and Geosciences},
  volume={10},
  pages={191--203},
  year={1984}
}


@misc{bitcoinnews_2017, title={21 Statistics That Reveal Growing Demand for the Cryptocurrency}, url={https://goo.gl/BcwAT6}, journal={Bitcoin News}, author={Kai Sedgwick},year={2017}}

@misc{blockexplorer,
	Journal = {Bitcoin Block Explorer},
	Title = {Bitcoin Block Explorer},
	year = {2018},
	author = {Blockchain},
	Url = {https://blockchain.info/}}
	
@inproceedings{SaadKM19,
  author    = {MUhammad Saad, Aminollah Khormali, Aziz Mohaisen},
  title     = {Dine and Dash: Static, Dynamic, and Economic Analysis of In-browser Cryptojacking},
  booktitle = {{APWG} Symposium on Electronic Crime Research, eCrime 2019, Pittsburgh, USA},
  pages     = {17--27},
  year      = {2019}
}



@inproceedings{NikitidisZP14,
  author    = {Symeon Nikitidis and
               Stefanos Zafeiriou and
               Maja Pantic},
  title     = {Merging SVMs with Linear Discriminant Analysis: {A} Combined Model},
  booktitle = {{IEEE} Conference on Computer Vision and Pattern Recognition,
               {CVPR}, Columbus, OH, USA},
  pages     = {1067--1074},
  year      = {2014},
  url       = {https://doi.org/10.1109/CVPR.2014.140},
  doi       = {10.1109/CVPR.2014.140},
  timestamp = {Wed, 16 Oct 2019 14:14:50 +0200},
  biburl    = {https://dblp.org/rec/bib/conf/cvpr/NikitidisZP14},
  bibsource = {dblp computer science bibliography, https://dblp.org}
}

@inproceedings{LiuCY09,
  author    = {Jun Liu and
               Jianhui Chen and
               Jieping Ye},
  title     = {Large-scale sparse logistic regression},
  booktitle = {{ACM} {SIGKDD} International Conference on
               Knowledge Discovery and Data Mining, Paris, France},
  pages     = {547--556},
  year      = {2009},
  url       = {https://doi.org/10.1145/1557019.1557082},
  doi       = {10.1145/1557019.1557082},
  timestamp = {Tue, 06 Nov 2018 16:59:36 +0100},
  biburl    = {https://dblp.org/rec/bib/conf/kdd/LiuCY09},
  bibsource = {dblp computer science bibliography, https://dblp.org}
}

@article{CalzavaraRB18,
  author    = {Stefano Calzavara and
               Alvise Rabitti and
               Michele Bugliesi},
  title     = {Semantics-Based Analysis of Content Security Policy Deployment},
  journal   = {{TWEB}},
  volume    = {12},
  number    = {2},
  pages     = {10:1--10:36},
  year      = {2018},
  url       = {https://doi.org/10.1145/3149408},
  doi       = {10.1145/3149408},
  timestamp = {Tue, 06 Nov 2018 12:51:20 +0100},
  biburl    = {https://dblp.org/rec/bib/journals/tweb/CalzavaraRB18},
  bibsource = {dblp computer science bibliography, https://dblp.org}
}

@article{Galeano17,
  author    = {Sergio Rojas Galeano},
  title     = {On Obstructing Obscenity Obfuscation},
  journal   = {{TWEB}},
  volume    = {11},
  number    = {2},
  pages     = {12:1--12:24},
  year      = {2017},
  url       = {https://doi.org/10.1145/3032963},
  doi       = {10.1145/3032963},
  timestamp = {Tue, 06 Nov 2018 12:51:20 +0100},
  biburl    = {https://dblp.org/rec/bib/journals/tweb/Galeano17},
  bibsource = {dblp computer science bibliography, https://dblp.org}
}
@article{karim2015mobile,
  title={Mobile Botnet Attacks-an Emerging Threat: Classification, Review and Open Issues.},
  author={Karim, Ahmad and Shah, Syed Adeel Ali and Salleh, Rosli Bin and Arif, Muhammad and Noor, Rafidah Md and Shamshirband, Shahaboddin},
  journal={TIIS},
  volume={9},
  number={4},
  pages={1471--1492},
  year={2015}
}
@article{bruns2009web,
  title={Web application tests with selenium},
  author={Bruns, Andreas and Kornstadt, Andreas and Wichmann, Dennis},
  journal={IEEE software},
  volume={26},
  number={5},
  year={2009},
  publisher={IEEE}
}

@misc{Statista-17, title={Google: ad revenue 2001-2017}, url={https://tinyurl.com/h4rwfyf}, journal={Statista}, author={Statista},year={2018}}


@misc{seleniumdocumentation, title={Selenium Browser Automation},
 url={https://www.seleniumhq.org/docs/}, journal={Selenium Documentation - Selenium Documentation},	author={Selenium Community},year={2018}
	}

@misc{coinhive, title={Monero {JavaScript} {Mining}}, url={https://coinhive.com/documentation}, journal={Monero JavaScript Mining}, author={Coinhive},year={2018}}

@misc{crypto-loot, title={A Crypto Miner for your Website Visitors. Monetize Your Online Business }, url={https://crypto-loot.com/}, journal={Crypto-Loot - A Web Browser Miner | Traffic Miner | CoinHive Alternative}, author={Crypto-Loot},year={2018}}

@misc{Monero, title={Monero Cryptocurrency}, url={https://monero.org/}, journal={Monero.org},author={Monero Community},year={2018}}


@inproceedings{EskandariLMC18,
  author    = {Shayan Eskandari and
               Andreas Leoutsarakos and
               Troy Mursch and
               Jeremy Clark},
  title     = {A First Look at Browser-Based Cryptojacking},
  booktitle = {{IEEE} European Symposium on Security and Privacy Workshops,
               EuroS{\&}P Workshops, London, United Kingdom},
  pages     = {58--66},
  year      = {Apr 2018},
  url       = {https://doi.org/10.1109/EuroSPW.2018.00014},
  doi       = {10.1109/EuroSPW.2018.00014},
  timestamp = {Thu, 12 Jul 2018 13:58:31 +0200},
  biburl    = {https://dblp.org/rec/bib/conf/eurosp/EskandariLMC18},
  bibsource = {dblp computer science bibliography, https://dblp.org}
}

@inproceedings{HongZSLYZMYZH18,
 author = {Hong, Geng and Yang, Zhemin and Yang, Sen and Zhang, Lei and Nan, Yuhong and Zhang, Zhibo and Yang, Min and Zhang, Yuan and Qian, Zhiyun and Duan, Haixin},
 title = {How You Get Shot in the Back: A Systematical Study About Cryptojacking in the Real World},
 booktitle = {Proceedings of ACM SIGSAC Conference on Computer and Communications Security},
 year = {2018},
 url = {http://doi.acm.org/10.1145/3243734.3243840},
 doi = {10.1145/3243734.3243840},
 acmid = {3243840}
} 



@misc{jsecoin, title={{JSECoin}: Digital Currency - Designed for the web}, url={https://jsecoin.com/}, journal={JSECoin: Digital Currency - Designed for the web},author={JSECoin Community},year={2018}}

@misc{Keramidas_18, title={}, url={https://github.com/keraf/NoCoin}, journal={GitHub}, author={Keramidas, Rafael}, year={2018}, month={Feb}}

@misc{Tunghobrens-18, title={Anti Miner--Coin Minerblock}, url={https://tinyurl.com/ybf3jcsj}, journal={Google}, publisher={Google}, author={Tunghobrens}, year={2018}}

@misc{Nomining-18, title={Secure your browser}, url={http://www.nomining.com/}, journal={No Mining extension to prevent js crypto mining}, author={No Mining},year={2018}}


@article{BertinoN-17,
  title={Botnets and internet of things security},
  author={ Elisa Bertino and Nayeem Islam},
  journal={Computer},
  volume={50},
  number={2},
  pages={76--79},
  year={2017},
  publisher={IEEE}
}
@misc{Saad20, title={beingmsaad/cryptojacking}, url={https://github.com/beingmsaad/cryptojacking}, journal={GitHub}, author={Saad, Muhammad}}

@inproceedings{ByunL02,
  author    = {Hyeran Byun and
               Seong{-}Whan Lee},
  editor    = {Seong{-}Whan Lee and
               Alessandro Verri},
  title     = {Applications of Support Vector Machines for Pattern Recognition: {A}
               Survey},
  booktitle = {Pattern Recognition with Support Vector Machines, First International
               Workshop, {SVM} 2002, Niagara Falls, Canada, August 10, 2002, Proceedings},
  series    = {Lecture Notes in Computer Science},
  volume    = {2388},
  pages     = {213--236},
  publisher = {Springer},
  year      = {2002},
  url       = {https://doi.org/10.1007/3-540-45665-1\_17},
  doi       = {10.1007/3-540-45665-1\_17},
  timestamp = {Tue, 14 May 2019 10:00:52 +0200},
  biburl    = {https://dblp.org/rec/conf/svm/ByunL02.bib},
  bibsource = {dblp computer science bibliography, https://dblp.org}
}

@article{VerikasGB11,
  author    = {Antanas Verikas and
               Adas Gelzinis and
               Marija Bacauskiene},
  title     = {Mining data with random forests: {A} survey and results of new tests},
  journal   = {Pattern Recognit.},
  volume    = {44},
  number    = {2},
  pages     = {330--349},
  year      = {2011},
  url       = {https://doi.org/10.1016/j.patcog.2010.08.011},
  doi       = {10.1016/j.patcog.2010.08.011},
  timestamp = {Mon, 24 Feb 2020 08:31:12 +0100},
  biburl    = {https://dblp.org/rec/journals/pr/VerikasGB11.bib},
  bibsource = {dblp computer science bibliography, https://dblp.org}
}

@misc{Bansal-14, title={Linux Worm targets Internet-enabled Home appliances to Mine Cryptocurrencies}, url={https://thehackernews.com/2014/03/linux-worm-targets-internet-enabled.html}, journal={The Hacker News}, author={Bansal, Sudhir K}, year={2014}, month={Mar}}

@article{KrishnanSV-17,
  title={Cryptocurrency Mining Transition to Cloud},
  author={H. Krishnan and S. Saketh and Venkata Vaibhav },
  journal={International Journal of Advanced Computer Science and Applications},
  volume={6},
  year={2015},
  publisher={Citeseer}
}


@article{SariS-17,
  title={Exploiting Cryptocurrency Miners with OISNT Techniques},
  author={Arif Sari and Seyfullah Kilic },
  journal={Transactions on Networks and Communications},
  volume={5},
  number={6},
  year={2017}
}


@article{hou2010malicious,
  title={Malicious web content detection by machine learning},
  author={Hou, Yung-Tsung and Chang, Yimeng and Chen, Tsuhan and Laih, Chi-Sung and Chen, Chia-Mei},
  journal={Expert Systems with Applications},
  volume={37},
  number={1},
  pages={55--60},
  year={2010},
  publisher={Elsevier}
}


@misc{kejriwal2014method,
  title={Method for detecting malicious javascript},
  author={Kejriwal, Nidhi Govindram and Judge, Paul},
  year={2014},
  month=jul # "~22",
  publisher={Google Patents},
  note={US Patent 8,789,178}
}


@inproceedings{Tsafrir2007secretly,
  title={Secretly Monopolizing the CPU Without Superuser Privileges.},
  author={Tsafrir, Dan and Etsion, Yoav and Feitelson, Dror G},
  pages={239--256},
  year={2007},
  crossref = {SEC07}
}


@inproceedings{TahirHDAGZCB17,
  author    = {Rashid Tahir and
               Muhammad Huzaifa and
               Anupam Das and
               Mohammad Ahmad and
               Carl A. Gunter and
               Fareed Zaffar and
               Matthew Caesar and
               Nikita Borisov},
  title     = {Mining on Someone Else's Dime: Mitigating Covert Mining Operations
               in Clouds and Enterprises},
 booktitle = { International Symposium on Research in Attacks, Intrusions and Defenses {(RAID)}, Atlanta, GA, USA},
  pages     = {287--310},
  year      = {Sept 2017},

}

@inproceedings{CovaKV10,
  author    = {Marco Cova and
               Christopher Kr{\"{u}}gel and
               Giovanni Vigna},
  title     = {Detection and analysis of drive-by-download attacks and malicious
               JavaScript code},
  pages     = {281--290},
  year      = {2010},
  crossref  = {WWW10}
}

@inproceedings{LikarishJJ09,
  author    = {Peter Likarish and
               Eunjin Jung and
               Insoon Jo},
  title     = {Obfuscated malicious javascript detection using classification techniques},
  pages     = {47--54},
  year      = {2009},
  crossref  = {MALWARE09}
}

@inproceedings{JovanovicKK06,
  author    = {Nenad Jovanovic and
               Christopher Kr{\"{u}}gel and
               Engin Kirda},
  title     = {Pixy: {A} Static Analysis Tool for Detecting Web Application Vulnerabilities},
  pages     = {258--263},
  year      = {2006},
  crossref  = {SP06}
}

@inproceedings{TzermiasSPM11,
  author    = {Zacharias Tzermias and
               Giorgos Sykiotakis and
               Michalis Polychronakis and
               Evangelos P. Markatos},
  title     = {Combining static and dynamic analysis for the detection of malicious
               documents},
 booktitle = {European Workshop on System Security {(EUROSEC)}, Salzburg,Austria,},
  year      = {2011},
}

@inproceedings{SapirshteinSZ16,
  author    = {Ayelet Sapirshtein and
               Yonatan Sompolinsky and
               Aviv Zohar},
  title     = {Optimal Selfish Mining Strategies in Bitcoin},
  crossref = {FC16},
  pages     = {515--532},
  year      = {2016}
}


@inproceedings{RuthWH18,
 author = {R\"{u}th, Jan and Zimmermann, Torsten and Wolsing, Konrad and Hohlfeld, Oliver},
 title = {Digging into Browser-based Crypto Mining},
 booktitle = {Proceedings of the Internet Measurement Conference 2018},
 series = {IMC '18},
 year = {2018},
 location = {Boston, MA, USA},
 numpages = {7},
 url = {http://doi.acm.org/10.1145/3278532.3278539},
 doi = {10.1145/3278532.3278539},
 acmid = {3278539},
 publisher = {ACM},
 address = {New York, USA}
} 



@inproceedings{VogtNJKKV07,
  author    = {Philipp Vogt and
               Florian Nentwich and
               Nenad Jovanovic and
               Engin Kirda and
               Christopher Kr{\"{u}}gel and
               Giovanni Vigna},
  title     = {Cross Site Scripting Prevention with Dynamic Data Tainting and Static
               Analysis},
  booktitle = {Network and Distributed System Security Symposium,
               {NDSS}, San Diego, USA},
  year      = {Feb 2007}
}


@incollection{otsdoublespending,
	Author = {Muhammad Saad and Aziz Mohaisen and Charles Kamhoua and Kevin Kwait and Laurent Njilla},
	Organization = {IEEE International Conference on Communications},
	Title = {Countering Double Spending in Next-Generation Blockchains},
	Booktitle = {},
	Year = {2018}}



@inproceedings{CurtsingerLZS11,
  author    = {Charlie Curtsinger and
               Benjamin Livshits and
               Benjamin G. Zorn and
               Christian Seifert},
  title     = {{ZOZZLE:} {Fast} and Precise In-Browser JavaScript Malware Detection},
  crossref  = {SEC11}
}

@inproceedings{FiorePCLS14,
  author    = {Ugo Fiore and
               Francesco Palmieri and
               Aniello Castiglione and
               Vincenzo Loia and
               Alfredo De Santis},
  title     = {Multimedia-based battery drain attacks for Android devices},
  pages     = {145--150},
  year      = {2014},
  crossref  = {CCNC14}
}

@inproceedings{MartinHHK04,
  author    = {Thomas L. Martin and
               Michael S. Hsiao and
               Dong S. Ha and
               Jayan Krishnaswami},
  title     = {Denial-of-Service Attacks on Battery-powered Mobile Computers},
  pages     = {309--318},
  year      = {2004},
  crossref  = {PERCOM04}
}




@inproceedings{MoyersDMT10,
  author    = {Benjamin R. Moyers and
               John Paul Dunning and
               Randolph Marchany and
               Joseph G. Tront},
  title     = {Effects of Wi-Fi and Bluetooth Battery Exhaustion Attacks on Mobile
               Devices},
  pages     = {1--9},
  year      = {2010},
  crossref  = {HICSS10}
}

@inproceedings{HuangDMDGMSWSL14,
  author    = {Danny Yuxing Huang and
               Hitesh Dharmdasani and
               Sarah Meiklejohn and
               Vacha Dave and
               Chris Grier and
               Damon McCoy and
               Stefan Savage and
               Nicholas Weaver and
               Alex C. Snoeren and
               Kirill Levchenko},
  title     = {Botcoin: Monetizing Stolen Cycles},
  crossref  = {NDSS14},
  url       = {https://www.ndss-symposium.org/ndss2014/botcoin-monetizing-stolen-cycles},
  timestamp = {Tue, 16 Jan 2018 13:23:48 +0100},
  biburl    = {https://dblp.org/rec/bib/conf/ndss/HuangDMDGMSWSL14},
  bibsource = {dblp computer science bibliography, https://dblp.org}
}


@inproceedings{NashMHH05,
  author    = {Daniel C. Nash and
               Thomas L. Martin and
               Dong S. Ha and
               Michael S. Hsiao},
  title     = {Towards an Intrusion Detection System for Battery Exhaustion Attacks
               on Mobile Computing Devices},
  pages     = {141--145},
  year      = {2005},
  crossref  = {PERCOM05}
}


@inproceedings{ZarrasKSHKV14,
  author    = {Apostolis Zarras and
               Alexandros Kapravelos and
               Gianluca Stringhini and
               Thorsten Holz and
               Christopher Kruegel and
               Giovanni Vigna},
  title     = {The Dark Alleys of Madison Avenue: Understanding Malicious Advertisements},
  booktitle = {Proceedings of Internet Measurement Conference, {IMC},
               Vancouver, Canada},
  pages     = {373--380},
  year      = {Nove 2014},
  url       = {https://tinyurl.com/ybqmcjmb},
  doi       = {10.1145/2663716.2663719},
  timestamp = {Sat, 19 Aug 2017 20:08:45 +0200},
  biburl    = {https://dblp.org/rec/bib/conf/imc/ZarrasKSHKV14},
  bibsource = {dblp computer science bibliography, https://dblp.org}
}


@inproceedings{BuennemeyerGMT07,
  title={Battery exhaustion attack detection with small handheld mobile computers},
  author={Buennemeyer, Timothy K and 
          Gora, Michael and 
          Marchany, Randy C and 
          Tront, Joseph G},
  pages={1--5},
  year={2007},
  crossref  = {PID07}
}


@inproceedings{DanezisM16,
  author    = {George Danezis and
               Sarah Meiklejohn},
  title     = {Centrally Banked Cryptocurrencies},

  year      = {2016},
  crossref  = {NDSS16},
  url       = {http://wp.internetsociety.org/ndss/wp-content/uploads/sites/25/2017/09/centrally-banked-cryptocurrencies.pdf},
}





@inproceedings{HeilmanABSG17,
  author    = {Ethan Heilman and
               Leen Alshenibr and
               Foteini Baldimtsi and
               Alessandra Scafuro and
               Sharon Goldberg},
  title     = {TumbleBit: An Untrusted Bitcoin-Compatible Anonymous Payment Hub},
  booktitle = {Network and Distributed System Security Symposium, {NDSS} San Diego, USA},
  year      = {Feb 2017},
  url       = {https://www.ndss-symposium.org/ndss2017/ndss-2017-programme/tumblebit-untrusted-bitcoin-compatible-anonymous-payment-hub/},
  timestamp = {Tue, 16 Jan 2018 15:44:17 +0100},
  biburl    = {https://dblp.org/rec/bib/conf/ndss/HeilmanABSG17},
  bibsource = {dblp computer science bibliography, https://dblp.org}
}


@misc{Zuckerman_18, title={Microsoft Blocked More Than 400,000 Malicious Cryptojacking Attempts In One Day}, url={https://tinyurl.com/ya6oj6wm}, journal={Cointelegraph}, publisher={Cointelegraph}, author={Zuckerman, Molly Jane}, year={2018}, month={Apr}}

@misc{Scott_18, title={Cryptomining Malware Fuels Most Remote Code Execution Attacks}, url={https://tinyurl.com/y9vhrq9w}, journal={Bitcoin Magazine}, publisher={Bitcoin Magazine}, author={Scott, Michael}, year={2018}, month={Feb}}

@misc{Slm_18, title={In-Browser Cryptojacking: What Is It and How Can You Avoid It?}, url={https://supremelevelmedia.com/browser-cryptojacking-can-avoid/}, journal={Supreme Level Media Inc}, author={SLM}, year={2018}, month={Jan}}

@misc{Cimpanu_18, title={In-Browser Cryptojacking Is Getting Harder to Detect}, url={https://www.bleepingcomputer.com/news/security/in-browser-cryptojacking-is-getting-harder-to-detect/}, journal={BleepingComputer}, publisher={BleepingComputer.com}, author={Cimpanu, Catalin}, year={2018}, month={Mar}}

@misc{Shaikh_17, title={The Pirate Bay Is Cryptojacking Its Visitors' Computers to Mine Monero}, url={https://tinyurl.com/y9s5mhce}, journal={Wccftech}, author={Shaikh, Rafia}, year={2017}}

@misc{Ernesto_17, title={The Pirate Bay Website Runs a Cryptocurrency Miner (Updated)}, url={https://torrentfreak.com/the-pirate-bay-website-runs-a-cryptocurrency-miner-170916/}, journal={TorrentFreak}, author={Ernesto}, year={2017}, month={Sep}}


@misc{Jones_2017, title={How to Stop Pirate Bay and Other Sites From Hijacking Your CPU to Mine Cryptocoins}, url={https://tinyurl.com/y9k4ug2q}, journal={Gizmodo}, publisher={gizmodo.com}, author={Jones, Rhett}, year={2017}, month={Sep}}

@misc{Zuckerman_2018, title={The Ethics Of Cryptojacking: Rampant Malware Or Ad-Free Internet?}, url={https://tinyurl.com/yd6u9h39}, journal={Cointelegraph}, publisher={Cointelegraph}, author={Zuckerman, Molly}, year={2018}}


@misc{Mathur_18, title={Cybersecurity: Cryptojacking attacks exploded by 8,500\% in 2017, says report}, url={https://tinyurl.com/y84alobt}, journal={https://www.livemint.com/}, publisher={Livemint}, author={Mathur, Nandita}, year={2018}, month={Apr}}

@misc{Singh_18, title={Cryptojacking attacks rose by 8,500\% globally in 2017: report}, url={https://tinyurl.com/y9k4ug2q}, journal={Business News - Latest Stock Market and Economy News India}, publisher={Living Media India Limited}, author={Singh, Devika}, year={2018}}


@misc{condliffe_18, title={A cryptojacking attack hit thousands of websites}, url={https://tinyurl.com/ybjck22l}, journal={MIT Technology Review}, publisher={MIT Technology Review}, author={Condliffe, Jamie}, year={2018}}


@misc{Rayome_18, title={Tesla public cloud environment hacked, attackers accessed 'non-public' company data}, url={https://tinyurl.com/y8m79px4}, journal={TechRepublic},  author={Rayome, Alison DeNisco}, year={2018}}


@misc{de_18, title={{UK} Cyber Security Division Issues Warning on PC 'Cryptojacking'}, url={https://www.coindesk.com/uk-cyber-security-division-issues-warning-on-pc-cryptojacking/}, journal={CoinDesk}, author={De, Nikhilesh}, year={2018}, month={Apr}}

@misc{ncsc_18, title={The cyber threat to UK business 2017-2018 report}, url={https://www.ncsc.gov.uk/cyberthreat}, journal={National Cyber Security Center}, author={NCSC}, year={2018}, month={Apr}}

@misc{badge_2016, title={ES-Analysis/plato}, url={https://github.com/es-analysis/plato}, journal={GitHub}, author={Badge, Bitdeli}, year={2016}, month={Aug}}

%%%%%%%%%%%%%%%%%%%%%%%%%%%%%%%%%%%%%%%%%%%%%

@inproceedings{BijmansBD19,
  author = {Hugo L.J. Bijmans and Tim M. Booij and Christian Doerr},
title = {Inadvertently Making Cyber Criminals Rich: A Comprehensive Study of Cryptojacking Campaigns at Internet Scale},
booktitle = {{USENIX} Security Symposium ({USENIX} )},
year = {Aug 2019},
isbn = {978-1-939133-06-9},
address = {Santa Clara, CA},
pages = {1627--1644},
url = {https://www.usenix.org/conference/usenixsecurity19/presentation/bijmans},
publisher = {{USENIX} Association},
}





@inproceedings{PapadopoulosIM19,
  author    = {Panagiotis Papadopoulos and
               Panagiotis Ilia and
               Evangelos P. Markatos},
  title     = {Truth in Web Mining: Measuring the Profitability and the Imposed Overheads
               of Cryptojacking},
  booktitle = {International Conference on Information Security,
               New York City, NY, USA},
  pages     = {277--296},
  year      = {Nov 2019},
  url       = {https://doi.org/10.1007/978-3-030-30215-3\_14},
  doi       = {10.1007/978-3-030-30215-3\_14},
  timestamp = {Mon, 02 Sep 2019 15:19:30 +0200},
  biburl    = {https://dblp.org/rec/conf/isw/PapadopoulosIM19.bib},
  bibsource = {dblp computer science bibliography, https://dblp.org}
}


@inproceedings{PastranaS19,
  author    = {Sergio Pastrana and
               Guillermo Suarez{-}Tangil},
  title     = {A First Look at the Crypto-Mining Malware Ecosystem: {A} Decade of
               Unrestricted Wealth},
  booktitle = {Internet Measurement Conference, {IMC}, Amsterdam,
               The Netherlands},
  pages     = {73--86},
  year      = {Oct 2019},
  url       = {https://doi.org/10.1145/3355369.3355576},
  doi       = {10.1145/3355369.3355576},
  timestamp = {Mon, 15 Jun 2020 17:02:47 +0200},
  biburl    = {https://dblp.org/rec/conf/imc/PastranaS19.bib},
  bibsource = {dblp computer science bibliography, https://dblp.org}
}



@inproceedings{Bian0Z20,
  author    = {Weikang Bian and
               Wei Meng and
               Mingxue Zhang},
  title     = {MineThrottle: Defending against Wasm In-Browser Cryptojacking},
  booktitle = {The Web Conference, Taipei, Taiwan},
  pages     = {3112--3118},
  year      = {April 2020},
  url       = {https://doi.org/10.1145/3366423.3380085},
  doi       = {10.1145/3366423.3380085},
  timestamp = {Wed, 06 May 2020 12:56:16 +0200},
  biburl    = {https://dblp.org/rec/conf/www/Bian0Z20.bib},
  bibsource = {dblp computer science bibliography, https://dblp.org}
}


@inproceedings{MelandJS19,
  author    = {Per H{\aa}kon Meland and
               Bent Heier Johansen and
               Guttorm Sindre},
  title     = {An Experimental Analysis of Cryptojacking Attacks},
  booktitle = {Nordic Conference Secure {IT} Systems Aalborg, Denmark},
  pages     = {155--170},
  year      = {Nov 2019},
  url       = {https://doi.org/10.1007/978-3-030-35055-0\_10},
  doi       = {10.1007/978-3-030-35055-0\_10},
  timestamp = {Tue, 26 Nov 2019 18:30:54 +0100},
  biburl    = {https://dblp.org/rec/conf/nordsec/MelandJS19.bib},
  bibsource = {dblp computer science bibliography, https://dblp.org}
}

@inproceedings{KharrazMMLMMBAB19,
  author    = {Amin Kharraz and
               Zane Ma and
               Paul Murley and
               Charles Lever and
               Joshua Mason and
               Andrew Miller and
               Nikita Borisov and
               Manos Antonakakis and
               Michael Bailey},
  title     = {Outguard: Detecting In-Browser Covert Cryptocurrency Mining in the
               Wild},
  booktitle = {The World Wide Web Conference, San Francisco, CA, USA},
  pages     = {840--852},
  year      = {Jan 2019},
  url       = {https://doi.org/10.1145/3308558.3313665},
  doi       = {10.1145/3308558.3313665},
  timestamp = {Sun, 22 Sep 2019 18:12:47 +0200},
  biburl    = {https://dblp.org/rec/conf/www/KharrazMMLMMBAB19.bib},
  bibsource = {dblp computer science bibliography, https://dblp.org}
}



@inproceedings{BijmansBDCCS19,
author = {Hugo L.J. Bijmans and Tim M. Booij and Christian Doerr},
title = {Just the Tip of the Iceberg: Internet-Scale Exploitation of Routers for Cryptojacking},
year = {2019},
isbn = {9781450367479},
publisher = {Association for Computing Machinery},
address = {New York, NY, USA},
url = {https://doi.org/10.1145/3319535.3354230},
doi = {10.1145/3319535.3354230},
booktitle = {ACM SIGSAC Conference on Computer and Communications Security},
pages = {449–464},
numpages = {16},
keywords = {router, MITM, mikrotik, cyber threat intelligence, cryptojacking},
location = {London, United Kingdom},
series = {CCS '19}
}

